@article{rainnet,
    AUTHOR = {Ayzel, G. and Scheffer, T. and Heistermann, M.},
    TITLE = {RainNet v1.0: a~convolutional neural network for radar-based precipitation nowcasting},
    JOURNAL = {Geoscientific Model Development},
    VOLUME = {13},
    YEAR = {2020},
    NUMBER = {6},
    PAGES = {2631--2644},
    URL = {https://gmd.copernicus.org/articles/13/2631/2020/},
    DOI = {10.5194/gmd-13-2631-2020}
}

@article{metnet,
    author    = {Casper Kaae S{\o}nderby and
                 Lasse Espeholt and
                 Jonathan Heek and
                 Mostafa Dehghani and
                 Avital Oliver and
                 Tim Salimans and
                 Shreya Agrawal and
                 Jason Hickey and
                 Nal Kalchbrenner},
    title     = {MetNet: {A} Neural Weather Model for Precipitation Forecasting},
    journal   = {CoRR},
    volume    = {abs/2003.12140},
    year      = {2020},
    url       = {https://arxiv.org/abs/2003.12140},
    eprinttype = {arXiv},
    eprint    = {2003.12140},
    timestamp = {Fri, 03 Apr 2020 14:04:20 +0200},
    biburl    = {https://dblp.org/rec/journals/corr/abs-2003-12140.bib},
    bibsource = {dblp computer science bibliography, https://dblp.org}
}
@article{deepide,
    title = {Deep integro-difference equation models for spatio-temporal forecasting},
    journal = {Spatial Statistics},
    volume = {37},
    pages = {100408},
    year = {2020},
    note = {Frontiers in Spatial and Spatio-temporal Research},
    issn = {2211-6753},
    doi = {https://doi.org/10.1016/j.spasta.2020.100408},
    url = {https://www.sciencedirect.com/science/article/pii/S2211675320300026},
    author = {Andrew Zammit-Mangion and Christopher K. Wikle},
    keywords = {Convolution neural network, Deep learning, Dynamic model, Ensemble Kalman filter, Prediction, Spatio-temporal},
}
@article{debezenac,
    doi = {10.1088/1742-5468/ab3195},
    url = {https://dx.doi.org/10.1088/1742-5468/ab3195},
    year = {2019},
    month = {dec},
    publisher = {IOP Publishing and SISSA},
    volume = {2019},
    number = {12},
    pages = {124009},
    author = {Emmanuel de Bézenac and Arthur Pajot and Patrick Gallinari},
    title = {Deep learning for physical processes: incorporating prior scientific knowledge*},
    journal = {Journal of Statistical Mechanics: Theory and Experiment}
}
@article{mcculloch,
    title={A logical calculus of the ideas immanent in nervous activity},
    author={McCulloch, Warren S and Pitts, Walter},
    journal={The bulletin of mathematical biophysics},
    volume={5},
    pages={115--133},
    year={1943},
    publisher={Springer}
}
@article{hebb,
    title={The organization of behavior},
    author={Do, Hebb},
    journal={New York},
    year={1949}
}
@techreport{rosenblatt,
    title={Principles of neurodynamics. perceptrons and the theory of brain mechanisms},
    author={Rosenblatt, Frank},
    year={1961},
    institution={Cornell Aeronautical Lab Inc Buffalo NY}
}
@article{cybenko,
    title={Approximation by superpositions of a sigmoidal function},
    author={Cybenko, George},
    journal={Mathematics of control, signals and systems},
    volume={2},
    number={4},
    pages={303--314},
    year={1989},
    publisher={Springer}
}
@article{horniketal,
    title={Multilayer feedforward networks are universal approximators},
    author={Hornik, Kurt and Stinchcombe, Maxwell and White, Halbert},
    journal={Neural networks},
    volume={2},
    number={5},
    pages={359--366},
    year={1989},
    publisher={Elsevier}
}
@article{hornik,
    title={Approximation capabilities of multilayer feedforward networks},
    author={Hornik, Kurt},
    journal={Neural networks},
    volume={4},
    number={2},
    pages={251--257},
    year={1991},
    publisher={Elsevier}
}
@book{goodfellow,
    title={Deep learning},
    author={Goodfellow, Ian and Bengio, Yoshua and Courville, Aaron},
    year={2016},
    publisher={MIT press}
}
@article{rumelhartetal,
    title={Learning representations by back-propagating errors},
    author={Rumelhart, David E and Hinton, Geoffrey E and Williams, Ronald J},
    journal={nature},
    volume={323},
    number={6088},
    pages={533--536},
    year={1986},
    publisher={Nature Publishing Group UK London}
}
@phdthesis{werbos,
    title={Beyond regression: New tools for prediction and analysis in the behavioral sciences},
    author={Werbos, Paul},
    school={Committee on Applied Mathematics, Harvard University, Cambridge, MA},
    year={1974}
}
@mastersthesis{linnainmaa,
    title={The representation of the cumulative rounding error of an algorithm as a Taylor expansion of the local rounding errors},
    author={Linnainmaa, Seppo},
    year={1970},
    school={(in Finnish), Univ. Helsinki}
}
@book{kaipiosomersalo,
    title={Statistical and computational inverse problems},
    author={Kaipio, Jari and Somersalo, Erkki},
    volume={160},
    year={2006},
    publisher={Springer Science \& Business Media}
}
@article{kalman,
    author = {Kálmán, R. E.},
    title = "{A New Approach to Linear Filtering and Prediction Problems}",
    journal = {Journal of Basic Engineering},
    volume = {82},
    number = {1},
    pages = {35-45},
    year = {1960},
    month = {03},
    issn = {0021-9223},
    doi = {10.1115/1.3662552},
    url = {https://doi.org/10.1115/1.3662552},
    eprint = {https://asmedigitalcollection.asme.org/fluidsengineering/article-pdf/82/1/35/5518977/35\_1.pdf},
}
@incollection{stratonovich1,
    title={Conditional markov processes},
    author={Stratonovich, Ruslan L},
    booktitle={Non-linear transformations of stochastic processes},
    pages={427--453},
    year={1965},
    publisher={Elsevier}
}
@article{stratonovich2,
    title={On the theory of optimal non-linear filtering of random functions},
    author={Stratonovich, Ruslan L},
    journal={Theory of Probability and its Applications},
    volume={4},
    pages={223--225},
    year={1959}
}
@techreport{mcgee,
    title={Discovery of the Kalman Filter as a Practical Tool for Aerospace and Industry},
    author={McGee, Leonard A. and Schmidt, Stanley F.},
    number={NASA Technical Memorandum 86847},
    year={1985},
    institution={National Aeronautics and Space Administration}
}
@INPROCEEDINGS{kitti,
    author={Geiger, Andreas and Lenz, Philip and Urtasun, Raquel},
    booktitle={2012 IEEE Conference on Computer Vision and Pattern Recognition}, 
    title={Are we ready for autonomous driving? The KITTI vision benchmark suite}, 
    year={2012},
    volume={},
    number={},
    pages={3354-3361},
    doi={10.1109/CVPR.2012.6248074}
}
@InProceedings{sintel,
    author="Butler, Daniel J.
    and Wulff, Jonas
    and Stanley, Garrett B.
    and Black, Michael J.",
    editor="Fitzgibbon, Andrew
    and Lazebnik, Svetlana
    and Perona, Pietro
    and Sato, Yoichi
    and Schmid, Cordelia",
    title="A Naturalistic Open Source Movie for Optical Flow Evaluation",
    booktitle="Computer Vision -- ECCV 2012",
    year="2012",
    publisher="Springer Berlin Heidelberg",
    address="Berlin, Heidelberg",
    pages="611--625",
    isbn="978-3-642-33783-3"
}
@book{cressiewikle,
  title={Statistics for spatio-temporal data},
  author={Cressie, Noel and Wikle, Christopher K},
  year={2015},
  publisher={John Wiley \& Sons}
}
@article{resnet,
  author       = {Kaiming He and
                  Xiangyu Zhang and
                  Shaoqing Ren and
                  Jian Sun},
  title        = {Deep Residual Learning for Image Recognition},
  journal      = {CoRR},
  volume       = {abs/1512.03385},
  year         = {2015},
  url          = {http://arxiv.org/abs/1512.03385},
  eprinttype    = {arXiv},
  eprint       = {1512.03385},
  timestamp    = {Wed, 25 Jan 2023 11:01:16 +0100},
  biburl       = {https://dblp.org/rec/journals/corr/HeZRS15.bib},
  bibsource    = {dblp computer science bibliography, https://dblp.org}
}
@article{evensen1994,
  title={Sequential data assimilation with a nonlinear quasi-geostrophic model using Monte Carlo methods to forecast error statistics},
  author={Evensen, Geir},
  journal={Journal of Geophysical Research: Oceans},
  volume={99},
  number={C5},
  pages={10143--10162},
  year={1994},
  publisher={Wiley Online Library}
}
@article{pulkkinenetal,
AUTHOR = {Pulkkinen, S. and Nerini, D. and P\'erez Hortal, A. A. and Velasco-Forero, C. and Seed, A. and Germann, U. and Foresti, L.},
TITLE = {Pysteps: an open-source Python library  for probabilistic precipitation nowcasting (v1.0)},
JOURNAL = {Geoscientific Model Development},
VOLUME = {12},
YEAR = {2019},
NUMBER = {10},
PAGES = {4185--4219},
URL = {https://gmd.copernicus.org/articles/12/4185/2019/},
DOI = {10.5194/gmd-12-4185-2019}
}
